@InProceedings{brajard2019connections,
  author       = "Julien Brajard and Alberto Carrassi and Marc Bocquet and Laurent Bertino",
  title        = "Connections between data assimilation and machine learning to emulate a numerical model.",
  booktitle    = "proceedings of the 9th International Workshop on Climate informatics",
  year         = "2019",
  editor       = "NCAR",
  publisher    = "NCAR",
