@book{VanderPlas-2016,
 author = {VanderPlas, Jake},
 title = {Python Data Science Handbook: Essential Tools for Working with Data},
 year = {2016},
 isbn = {1491912057, 9781491912058},
 edition = {1st},
 publisher = {O'Reilly Media, Inc.},
} 

@book{Goodfellow-et-al-2016,
    title={Deep Learning},
    author={Ian Goodfellow and Yoshua Bengio and Aaron Courville},
    publisher={MIT Press},
    note={\url{http://www.deeplearningbook.org}},
    year={2016}
}

@article{Krizhevsky2012ImageNetNetworks,
    title = {{ImageNet Classification with Deep Convolutional Neural Networks}},
    year = {2012},
    journal = {Neural Information Processing Systems},
    author = {Krizhevsky, Alex and Hinton, Geoffrey E},
    pages = {1--9},
    url = {http://code.google.com/p/cuda-convnet/},
    isbn = {9781627480031},
    doi = {http://dx.doi.org/10.1016/j.protcy.2014.09.007},
    issn = {10495258},
    pmid = {7491034},
    arxivId = {1102.0183}
}
